% 論文で使う参考文献のラベルを貼れる。
%  \cite{soumusyo}
@article{yang2020beyond,
  title={Beyond beaconing: Emerging applications and challenges of BLE},
  author={Yang, Jian and Poellabauer, Christian and Mitra, Pramita and Neubecker, Cynthia},
  journal={Ad hoc networks},
  volume={97},
  pages={102015},
  year={2020},
  publisher={Elsevier}
}


@misc{soumusyo,
  author       = {総務省},
  title        = {平成29年版情報通信白書},
  howpublished = {\url{https://www.soumu.go.jp/johotsusintokei/whitepaper/ja/h29/pdf/n3300000.pdf}},
  month        = {},
  year         = {2017},
  note         = {(Accessed on 01/17/2021)}
}

@misc{AveLife,
  author       = {厚生労働省},
  title        = {平成30年簡易生命表},
  howpublished = {\url{https://www.mhlw.go.jp/toukei/saikin/hw/life/life18/dl/life18-15.pdf}},
  month        = {},
  year         = {2018},
  note         = {(Accessed on 01/17/2021)}
}

@article{jokusou,
  title   = {褥瘡},
  author  = {田中 芳明 and 石井 信二 and 浅桐 公男},
  journal = {静脈経腸栄養},
  volume  = {27},
  number  = {2},
  pages   = {703-710},
  year    = {2012},
  doi     = {10.11244/jjspen.27.703}
}

@article{mekanizumu,
  title   = {褥瘡発生メカニズムの解析に関する基礎研究},
  author  = {清水 直生 and 米田 隆志 and 小山 浩幸 and 山本 紳一郎 and 煙山 健仁},
  journal = {バイオエンジニアリング講演会講演論文集},
  volume  = {2008.21},
  number  = {},
  pages   = {491-492},
  year    = {2009},
  doi     = {10.1299/jsmebio.2008.21.491}
}

@article{level,
  title    = {Histopathology of the decubitus ulcer},
  author   = {Witkowski, JA and Parish, LC},
  doi      = {10.1016/s0190-9622(82)70085-4},
  number   = {6},
  volume   = {6},
  month    = {},
  year     = {1982},
  journal  = {Journal of the American Academy of Dermatology},
  pages    = {1014--1021}
}

@misc{WHO,
  author       = {WHO},
  title        = {WHO Stat2006 Definitions and Metadata},
  howpublished = {\url{http://www.who.int/whosis/whostat2006DefinitionsAndMetadata.pdf}},
  month        = {},
  year         = {2006},
  note         = {(Accessed on 01/17/2021)}
}

@article{gps,
  title   = {衛星測位と歩道情報に基づく歩行通路判定法},
  author  = {阿部裕文 and 落合慶広 and 瀬下仁志},
  journal = {研究報告オーディオビジュアル複合情報処理 (AVM)},
  volume  = {106},
  number  = {9},
  pages   = {1--6},
  year    = {2019}
}

@article{baske,
  title   = {車いすバスケットボールにおける9軸センサを用いた選手位置推定の検討},
  author  = {長谷川凌佑 and 内山彰 and 東野輝夫},
  journal = {研究報告高度交通システムとスマートコミュニティ (ITS)},
  volume  = {2018},
  number  = {6},
  pages   = {1--8},
  year    = {2018}
}

@article{TagAndThink,
  author  = {前川卓也 and 柳沢豊 and 岡留剛},
  title   = {Tag and Think：モノに添付したセンサノードのためのモノ自身の推定},
  journal = {情報処理学会論文誌},
  year    = {2008},
  volume  = {49},
  number  = {6},
  pages   = {1896--1906},
  month   = {}
}

@article{sairyu,
  author  = {上田泰嵩 and 梶克彦 and 河口信夫},
  title   = {細粒度電力センシングによる浪費電力の検出},
  journal = {マルチメディア、分散、協調とモバイル(DICOMO)シンポジウム論文集},
  year    = {2010},
  volume  = {},
  number  = {},
  pages   = {1817--1821},
  month   = {}
}

@article{energy,
  title   = {スマートタップネットワークを用いた家電の電力消費パターン解析に基づく人物行動推定},
  author  = {山田祐輔 and 加藤丈和 and 松山隆司},
  journal = {研究報告ユビキタスコンピューティングシステム（UBI）},
  volume  = {2011-UBI-31},
  number  = {4},
  pages   = {1--6},
  year    = {2011}
}

@article{WifiChannel,
  title   = {Wi-Fiチャネル状態情報を用いた教師無し学習によるドアの開閉検知手法},
  author  = {尾原和也 and 前川卓也 and 村上友規 and アベセカラヒランタ},
  journal = {研究報告ヒューマンコンピュータインタラクション (HCI)},
  volume  = {60},
  number  = {1},
  pages   = {1--7},
  year    = {2018}
}

@article{LANgate,
  author  = {梶克彦 and 河口信夫},
  title   = {無線LAN環境特異点に基づくゲート通過検出手法},
  journal = {情報処理学会論文誌},
  year    = {2014},
  volume  = {55},
  number  = {1},
  pages   = {366--377},
  month   = {}
}

@inproceedings{Room-State,
  author    = {Wu, Jian and Behera, Soumya Jyoti and Stoleru, Radu},
  title     = {Meeting Room State Detection Using Environmental Wi-Fi Signature},
  year      = {2017},
  isbn      = {9781450351638},
  url       = {https://doi.org/10.1145/3132062.3132070},
  doi       = {10.1145/3132062.3132070},
  booktitle = {Proceedings of the 15th ACM International Symposium on Mobility Management and Wireless Access},
  pages     = {9--16},
}

@inproceedings{Human-Respiration,
  author    = {Zeng, Youwei and Yi, Enze and Wu, Dan and Gao, Ruiyang and Zhang, Daqing},
  title     = {A Full Human Respiration Detection System Using Commodity Wi-Fi Devices},
  year      = {2018},
  isbn      = {9781450359665},
  url       = {https://doi.org/10.1145/3267305.3267560},
  doi       = {10.1145/3267305.3267560},
  booktitle = {Proceedings of the 2018 ACM International Joint Conference and 2018 International Symposium on Pervasive and Ubiquitous Computing and Wearable Computers},
  pages     = {480--483},
}

@inproceedings{WiFi-Toilet,
  author    = {Wang, Ziqi and Gu, Zhihao and Yin, Junwei and Chen, Zhe and Xu, Yuedong},
  title     = {Syncope Detection in Toilet Environments Using Wi-Fi Channel State Information},
  year      = {2018},
  isbn      = {9781450359665},
  url       = {https://doi.org/10.1145/3267305.3267650},
  doi       = {10.1145/3267305.3267650},
  booktitle = {Proceedings of the 2018 ACM International Joint Conference and 2018 International Symposium on Pervasive and Ubiquitous Computing and Wearable Computers},
  pages     = {287--290},
}

@misc{bleUse,
  author       = {LINE公式ブログ},
  title        = {【LINE Pay】スマホをかざしてお会計ができるビーコン決済をご存知ですか？},
  howpublished = {\url{http://official-blog.line.me/ja/archives/73098915.html}},
  month        = {},
  year         = {2017},
  note         = {(Accessed on 01/18/2021)}
}

@article{home-location,
  author  = {Ke, Chih-Kun and Wu, MeiYu and Chan, YuWei and Lu, KeCheng},
  year    = {2018},
  month   = {},
  pages   = {3464},
  title   = {Developing a BLE Beacon-Based Location System Using Location Fingerprint Positioning for Smart Home Power Management},
  volume  = {11},
  journal = {Energies},
  doi     = {10.3390/en11123464}
}

@inproceedings{stay-estimation,
  author    = {Yamamoto, Daisuke and Tanaka, Ryosuke and Kajioka, Shinsuke and Matsuo, Hiroshi and Takahashi, Naohisa},
  title     = {Global Map Matching Using BLE Beacons for Indoor Route and Stay Estimation},
  year      = {2018},
  isbn      = {9781450358897},
  url       = {https://doi.org/10.1145/3274895.3274918},
  doi       = {10.1145/3274895.3274918},
  booktitle = {Proceedings of the 26th ACM SIGSPATIAL International Conference on Advances in Geographic Information Systems},
  pages     = {309--318},
}

@inproceedings{en-AreaUsed,
  author    = {Purta, Rachael and Striegel, Aaron},
  title     = {Estimating Dining Hall Usage Using Bluetooth Low Energy Beacons},
  year      = {2017},
  isbn      = {9781450351904},
  url       = {https://doi.org/10.1145/3123024.3124429},
  doi       = {10.1145/3123024.3124429},
  booktitle = {Proceedings of the 2017 ACM International Joint Conference on Pervasive and Ubiquitous Computing and Proceedings of the 2017 ACM International Symposium on Wearable Computers},
  pages     = {518--523},
}

@inproceedings{Finding_by_Counting,
  title     = {Finding by counting: A probabilistic packet count model for indoor localization in BLE environments},
  author    = {Subham De and Shreyans Chowdhary and Aniket Shirke and Lo, {Yat Long} and Robin Kravets and Hari Sundaram},
  year      = {2017},
  doi       = {10.1145/3131473.3131482},
  pages     = {67--74},
  booktitle = {WiNTECH 2017 - Proceedings of the 11th Workshop on Wireless Network Testbeds, Experimental Evaluation and Characterization, co-located with MobiCom 2017},
}

@article{dakoku_system,
  title   = {BLEビーコンを用いた位置推定による打刻システムの運用と課題},
  author  = {梶岡慎輔 and 山本大介 and 打矢隆弘 and 齋藤彰一 and 松尾啓志 and 内匠逸},
  journal = {研究報告インターネットと運用技術 (IOT)},
  volume  = {2016},
  number  = {12},
  pages   = {1--7},
  year    = {2016}
}

@inproceedings{makoto,
  author    = {安部誠 and 梶克彦},
  title     = {滞在ウォッチにおける管理コストの削減},
  booktitle = {第82回全国大会講演論文集},
  year      = {2020},
  volume    = {2020},
  number    = {1},
  pages     = {323--324},
  month     = {}
}

@article{konzatsu,
  author  = {佐藤大祐 and 美原義行 and 佐藤吉秀 and 田中悠介 and 宮本勝 and 佐久間聡},
  title   = {BLEビーコンを利用した混雑度可視化サービス},
  journal = {情報処理学会論文誌コンシューマ・デバイス＆システム（CDS）},
  year    = {2018},
  volume  = {8},
  number  = {1},
  pages   = {1--10},
  month   = {}
}

@inproceedings{move-tracking,
  author    = {Chesser, Michael and Chea, Leon and Ranasinghe, Damith C.},
  title     = {Field Deployable Real-Time Indoor Spatial Tracking System for Human Behavior Observations},
  year      = {2018},
  isbn      = {9781450359528},
  url       = {https://doi.org/10.1145/3274783.3275187},
  doi       = {10.1145/3274783.3275187},
  booktitle = {Proceedings of the 16th ACM Conference on Embedded Networked Sensor Systems},
  pages     = {369--370},
}

@inproceedings{BLE-Localization,
  author    = {Kawaguchi, Nobuo and Hiroi, Kei and Shionozaki, Atsushi and Asukai, Masamichi and Nasu, Toshimune and Hashimoto, Yu and Nakamura, Takeharu and Gotou, Tetsuya and Ando, Shinsuke},
  title     = {Wi-Fi Human Behavior Analysis and BLE Tag Localization: A Case Study at an Underground Shopping Mall},
  year      = {2016},
  isbn      = {9781450347501},
  url       = {https://doi.org/10.1145/2994374.2994403},
  doi       = {10.1145/2994374.2994403},
  booktitle = {Proceedings of the 13th International Conference on Mobile and Ubiquitous Systems: Computing, Networking and Services},
  pages     = {151--159},
}

@inproceedings{IoMT,
  author    = {堀川三好 and 工藤大希 and 岡本東 and 村田嘉利},
  title     = {移動するモノを対象とした Internet of Things の提案},
  booktitle = {第80回全国大会講演論文集},
  year      = {2018},
  volume    = {2018},
  number    = {1},
  pages     = {471--472},
  month     = {}
}

@article{tandem,
  author  = {浦野健太 and 廣井慧 and 梶克彦 and 河口信夫},
  title   = {配布型BLEタグとタンデムスキャナを用いた屋内位置推定手法},
  journal = {情報処理学会論文誌},
  year    = {2019},
  volume  = {60},
  number  = {1},
  pages   = {58--75},
  month   = {}
}

@inproceedings{blespot,
  author    = {渡邉洸 and \UTF{9AD9}橋雄太 and 大坪敦 and 藤本まなと and 荒川豊 and 安本慶一},
  title     = {BLEビーコンと反響音センシングによる屋内スポット推定},
  booktitle = {マルチメディア，分散協調とモバイルシンポジウム2018論文集},
  year      = {2018},
  volume    = {2018},
  number    = {},
  pages     = {620--626},
  month     = {}
}

@inproceedings{en-door,
  author    = {Hsi-Yuan Tsai and Guan-Heng Chen and Huang-Chen Lee},
  booktitle = {2017 16th ACM/IEEE International Conference on Information Processing in Sensor Networks (IPSN)},
  title     = {Poster Abstract: Using Low-Cost, Non-Sensor-Equipped BLE Beacons to Track People's Movements},
  year      = {2017},
  volume    = {},
  number    = {},
  pages     = {291--292}
}

@inproceedings{ML,
  author    = {Luo, Shengwei and Zhao, Chunhui and Lu, Limin and Fu, Yongji},
  title     = {Machine Learning Application for Patients Activity Recognition with Pressure Sensing in Bed},
  year      = {2018},
  isbn      = {9781450357616},
  url       = {https://doi.org/10.1145/3203217.3203229},
  doi       = {10.1145/3203217.3203229},
  booktitle = {Proceedings of the 15th ACM International Conference on Computing Frontiers},
  pages     = {348--354},
}

@misc{riko,
  author       = {},
  title        = {リコーみまもりベッドセンサーシステム},
  howpublished = {\url{https://www.ricoh.co.jp/bedsensor/}},
  month        = {},
  year         = {},
  note         = {(Accessed on 01/17/2021)}
}

@inproceedings{Multimodal,
  author    = {Huang, Weimin and Wai, Aung Aung Phyo and Foo, Siang Fook and Biswas, Jit and Hsia, Chi-Chun and Liou, Koujuch},
  booktitle = {2010 20th International Conference on Pattern Recognition},
  title     = {Multimodal Sleeping Posture Classification},
  year      = {2010},
  volume    = {},
  number    = {},
  pages     = {4336--4339},
  doi       = {10.1109/ICPR.2010.1054}
}

@article{atu,
  title   = {圧力センサによる睡眠中の呼吸・体位の無侵襲・無拘束な計測},
  author  = {西田 佳史 and 武田 正資 and 森 武俊 and 溝口 博 and 佐藤 知正},
  journal = {日本ロボット学会誌},
  volume  = {16},
  number  = {5},
  pages   = {705-711},
  year    = {1998},
  doi     = {10.7210/jrsj.16.705}
}

@article{orimono,
  title   = {センサ織物の生体計測分野への応用},
  author  = {島上祐樹 and 堀場隆広 and 田中利幸 and 池上大輔 and 榎堀優 and 間瀬健二 and 川部勤 and 水野寛隆 and 鈴木陽久},
  journal = {あいち産業科学技術総合センター研究報告},
  volume  = {2},
  pages   = {94--97},
  year    = {2013}
}

@inproceedings{seat,
  author    = {Kwong, Enid and Pang, Grantham},
  booktitle = {2018 11th Biomedical Engineering International Conference (BMEiCON)},
  title     = {Development of an Intelligent Seat for the Alleviation of Pressure Ulcers},
  year      = {2018},
  volume    = {},
  number    = {},
  pages     = {1--5},
  doi       = {10.1109/BMEiCON.2018.8609972}
}

@article{kansetu,
  title   = {人物領域推定と姿勢情報を用いた寝姿体圧画像からの関節位置推定の検討},
  author  = {岩瀬慶 and 榎堀優 and 吉田直人 and 間瀬健二},
  journal = {研究報告ヒューマンコンピュータインタラクション (HCI)},
  volume  = {185},
  number  = {15},
  pages   = {1--7},
  year    = {2019}
}

@article{irui_hikaku,
  title   = {圧力布センサを利用した衣類型デバイスとシーツ型デバイスの比較検討},
  author  = {小野瀬良佑 and 榎堀優 and 間瀬健二},
  journal = {インタラクション},
  pages   = {480-485},
  year    = {2017}
}

@inproceedings{en-Accelerometer,
  author    = {Tanimoto, Yoshio and Namba, Kuniharu and Furusawa, Kazunari and Yamamoto, Hideki and Tokuhiro, Akihiro and Ukida, Hiroyuki},
  booktitle = {2011 IEEE International Conference on Imaging Systems and Techniques},
  title     = {Measurement and imaging of wheelchair movement for manual wheelchair users},
  year      = {2011},
  volume    = {},
  number    = {},
  pages     = {253--258},
  doi       = {10.1109/IST.2011.5962180}
}

@inproceedings{en-kalman,
  author    = {Maatoug, Khaoula and Njah, Malek and Jallouli, Mohamed},
  booktitle = {2017 18th International Conference on Sciences and Techniques of Automatic Control and Computer Engineering (STA)},
  title     = {Multisensor data fusion for electrical wheelchair localization using extended Kalman Filter},
  year      = {2017},
  volume    = {},
  number    = {},
  pages     = {257--260},
  doi       = {10.1109/STA.2017.8314970}
}

@article{marker,
  title   = {マーカ認識による位置姿勢推定を用いた車椅子ナビゲーションシステムの開発},
  author  = {池田克 and 清田公保 and 合志和洋 and 三好正純},
  journal = {研究報告ユビキタスコンピューティングシステム (UBI)},
  volume  = {24},
  number  = {9},
  pages   = {1--6},
  year    = {2009}
}

@inproceedings{en-baske,
  author    = {Nakamura, Kai and Kojima, Kazuyuki},
  booktitle = {2018 IEEE 7th Global Conference on Consumer Electronics (GCCE)},
  title     = {Development of Trajectory Tracking System for Wheelchair Basketball},
  year      = {2018},
  volume    = {},
  number    = {},
  pages     = {490--491},
  doi       = {10.1109/GCCE.2018.8574488}
}

@article{navi,
  title   = {身障者向け車椅子の屋内・屋外ナビゲーションシステムの研究},
  author  = {ワッタナワラォンクン and ナッタポッブ and 若原俊彦},
  journal = {情報処理学会研究報告},
  pages   = {},
  year    = {2012}
}

@inproceedings{microphone,
  author    = {岩崎改 and 五百蔵重典},
  title     = {スマートフォンの内蔵マイクを用いた屋内測位方式の提案},
  booktitle = {情報科学技術フォーラム講演論文集},
  year      = {2015},
  volume    = {14},
  number    = {4},
  pages     = {105--110},
  month     = {}
}

@inproceedings{en-calorie,
  author    = {Yoshio Tanimoto and Hideki Yamamoto and Kuniharu Nanba and Akihiro Tokuhiro and Kazunari Furusawa and Hiroyuki Ukida},
  booktitle = {2016 IEEE International Instrumentation and Measurement Technology Conference Proceedings},
  title     = {Measurement of wheelchair users' calorie consumption to develop a wheelchair activity device},
  year      = {2016},
  volume    = {},
  number    = {},
  pages     = {1--6},
  doi       = {10.1109/I2MTC.2016.7520543}
}

@article{OperationModel,
  author  = {宮田章裕 and 伊勢崎隆司 and 中野将尚 and 石原達也 and 有賀玲子 and 望月崇由 and 渡部智樹 and 水野理},
  title   = {直近移動能力を考慮した車椅子操作推定モデル},
  journal = {情報処理学会論文誌},
  year    = {2016},
  volume  = {57},
  number  = {10},
  pages   = {2316--2326},
  month   = {}
}

@article{RoadEval,
  author  = {隅田康明 and 松永勝也 and 合志和晃 and 志堂寺和則},
  title   = {車輪付き手動移動体の走行負荷に基づく歩道の評価方法},
  journal = {情報処理学会論文誌},
  year    = {2016},
  volume  = {57},
  number  = {7},
  pages   = {1652--1662},
  month   = {}
}

@inproceedings{on-demand,
  author    = {荒井研一 and 園田稔 and 立石拓也 and 一貫坂駿介 and 小林透},
  title     = {一般車椅子利用者からのセンサ情報を活用したオンデマンド型バリアフリー情報提供システム},
  booktitle = {マルチメディア，分散協調とモバイルシンポジウム2016論文集},
  year      = {2016},
  volume    = {2016},
  number    = {},
  pages     = {73--78},
  month     = {}
}

@inproceedings{en-Mahalanobis,
  author    = {Kojima, Kazuyuki and Taniue, Hiroki and Kaneko, Jun'ichi},
  booktitle = {2016 IEEE International Conference on Consumer Electronics-Taiwan (ICCE-TW)},
  title     = {Mahalanobis distance-based road condition estimation method using network-connected manual wheelchair},
  year      = {2016},
  volume    = {},
  number    = {},
  pages     = {1--2},
  doi       = {10.1109/ICCE-TW.2016.7521027}
}

@inproceedings{BLEpkpk,
  author    = {池田翔太 and 梶克彦},
  title     = {BLEビーコンをパカパカ},
  booktitle = {マルチメディア，分散協調とモバイルシンポジウム2016論文集},
  year      = {2016},
  volume    = {2016},
  number    = {},
  pages     = {899--904},
  month     = {}
}

@article{sensing-area,
  author  = {梶克彦 and 河口信夫},
  title   = {安定センシング区間検出に基づく3次元歩行軌跡推定手法},
  journal = {情報処理学会論文誌},
  year    = {2016},
  volume  = {57},
  number  = {1},
  pages   = {12--24},
  month   = {}
}

@book{gide,
  title     = {褥瘡ガイドブック: 褥瘡予防・管理ガイドライン第4版準拠},
  author    = {日本褥瘡学会},
  isbn      = {9784796523608},
  url       = {https://books.google.co.jp/books?id=gfU0jgEACAAJ},
  year      = {2015},
  publisher = {照林社}
}

@inproceedings{Leven,
  title     = {Binary codes capable of correcting deletions, insertions, and reversals},
  author    = {Levenshtein, Vladimir I},
  booktitle = {Soviet physics doklady},
  volume    = {10},
  number    = {8},
  pages     = {707--710},
  year      = {1966}
}

@inproceedings{Me-item,
  author    = {大鐘勇輝 and 水野涼雅 and 梶克彦},
  title     = {物体内部に設置したBLEビーコンの電波強度を用いた状態推定手法},
  booktitle = {マルチメディア,分散協調とモバイルシンポジウム2019論文集},
  year      = {2019},
  volume    = {2019},
  number    = {},
  pages     = {792--799},
  month     = {}
}

@inproceedings{Me-Wheel,
  author    = {大鐘勇輝 and 水野涼雅 and 榎堀優 and 梶克彦},
  title     = {車輪に取り付けたBLEビーコンによる車椅子移動認識の基礎検討},
  booktitle = {第82回全国大会講演論文集},
  year      = {2020},
  volume    = {2020},
  number    = {1},
  pages     = {235--236},
  month     = {}
}

@misc{threshold,
  author       = {電動車いす安全普及協会},
  title        = {電動車いすの型式認定基準},
  howpublished = {\url{https://www.den-ankyo.org/guidance/standard.html}},
  month        = {},
  year         = {},
  note         = {(Accessed on 01/17/2021)}
}